
@inproceedings{vanhasselt2016deep,
  title     = {Deep Reinforcement Learning with Double Q-learning},
  author    = {van Hasselt, Hado and Guez, Arthur and Silver, David},
  booktitle = {Proceedings of the Thirtieth AAAI Conference on Artificial Intelligence (AAAI-16)},
  pages     = {2094--2100},
  year      = {2016},
  url       = {https://arxiv.org/abs/1509.06461}
}


@inproceedings{schaul2016prioritized,
  title     = {Prioritized Experience Replay},
  author    = {Schaul, Tom and Quan, John and Antonoglou, Ioannis and Silver, David},
  booktitle = {4th International Conference on Learning Representations (ICLR)},
  year      = {2016},
  note      = {arXiv:1511.05952},
  url       = {https://arxiv.org/abs/1511.05952}
}

@inproceedings{daley2024averaging,
  title     = {Averaging $n$-step Returns Reduces Variance in Reinforcement Learning},
  author    = {Daley, Brett and White, Martha and Machado, Marlos C.},
  booktitle = {Proceedings of the 41st International Conference on Machine Learning (ICML)},
  year      = {2024},
  note      = {arXiv:2402.03903},
  url       = {https://arxiv.org/abs/2402.03903}
}

@inproceedings{mnih2016asynchronous,
  title     = {Asynchronous Methods for Deep Reinforcement Learning},
  author    = {Mnih, Volodymyr and Badia, Adri{\`a} Puigdom{\`e}nech and Mirza, Mehdi and Graves, Alex and Lillicrap, Timothy P and Harley, Tim and Silver, David and Kavukcuoglu, Koray},
  booktitle = {International Conference on Machine Learning},
  pages     = {1928--1937},
  year      = {2016}
}

@article{schulman2017proximal,
  title   = {Proximal Policy Optimization Algorithms},
  author  = {Schulman, John and Wolski, Filip and Dhariwal, Prafulla and Radford, Alec and Klimov, Oleg},
  journal = {arXiv preprint arXiv:1707.06347},
  year    = {2017}
}

@misc{han2020actorcriticreinforcementlearningcontrol,
  title         = {Actor-Critic Reinforcement Learning for Control with Stability Guarantee},
  author        = {Minghao Han and Lixian Zhang and Jun Wang and Wei Pan},
  year          = {2020},
  eprint        = {2004.14288},
  archiveprefix = {arXiv},
  primaryclass  = {cs.RO},
  url           = {https://arxiv.org/abs/2004.14288}
}

@misc{huang2024ppoclipattainsglobaloptimality,
  title         = {PPO-Clip Attains Global Optimality: Towards Deeper Understandings of Clipping},
  author        = {Nai-Chieh Huang and Ping-Chun Hsieh and Kuo-Hao Ho and I-Chen Wu},
  year          = {2024},
  eprint        = {2312.12065},
  archiveprefix = {arXiv},
  primaryclass  = {cs.LG},
  url           = {https://arxiv.org/abs/2312.12065}
}

@misc{schulman2018highdimensionalcontinuouscontrolusing,
  title         = {High-Dimensional Continuous Control Using Generalized Advantage Estimation},
  author        = {John Schulman and Philipp Moritz and Sergey Levine and Michael Jordan and Pieter Abbeel},
  year          = {2018},
  eprint        = {1506.02438},
  archiveprefix = {arXiv},
  primaryclass  = {cs.LG},
  url           = {https://arxiv.org/abs/1506.02438}
}


@inproceedings{PyTorch2,
  author    = {Ansel, Jason and Yang, Edward and He, Horace and Gimelshein, Natalia and Jain, Animesh and Voznesensky, Michael and Bao, Bin and Bell, Peter and Berard, David and Burovski, Evgeni and Chauhan, Geeta and Chourdia, Anjali and Constable, Will and Desmaison, Alban and DeVito, Zachary and Ellison, Elias and Feng, Will and Gong, Jiong and Gschwind, Michael and Hirsh, Brian and Huang, Sherlock and Kalambarkar, Kshiteej and Kirsch, Laurent and Lazos, Michael and Lezcano, Mario and Liang, Yanbo and Liang, Jason and Lu, Yinghai and Luk, CK and Maher, Bert and Pan, Yunjie and Puhrsch, Christian and Reso, Matthias and Saroufim, Mark and Siraichi, Marcos Yukio and Suk, Helen and Suo, Michael and Tillet, Phil and Wang, Eikan and Wang, Xiaodong and Wen, William and Zhang, Shunting and Zhao, Xu and Zhou, Keren and Zou, Richard and Mathews, Ajit and Chanan, Gregory and Wu, Peng and Chintala, Soumith},
  booktitle = {29th ACM International Conference on Architectural Support for Programming Languages and Operating Systems, Volume 2 (ASPLOS '24)},
  doi       = {10.1145/3620665.3640366},
  month     = apr,
  publisher = {ACM},
  title     = {{PyTorch 2: Faster Machine Learning Through Dynamic Python Bytecode Transformation and Graph Compilation}},
  url       = {https://pytorch.org/assets/pytorch2-2.pdf},
  year      = {2024}
}

@article{brockman2016openai,
  title   = {Openai gym},
  author  = {Brockman, Greg and Cheung, Vicki and Pettersson, Ludwig and Schneider, Jonas and Schulman, John and Tang, Jie and Zaremba, Wojciech},
  journal = {arXiv preprint arXiv:1606.01540},
  year    = {2016}
}

@inproceedings{MuJoCo,
  author    = {Todorov, Emanuel and Erez, Tom and Tassa, Yuval},
  booktitle = {2012 IEEE/RSJ International Conference on Intelligent Robots and Systems},
  title     = {MuJoCo: A physics engine for model-based control},
  year      = {2012},
  volume    = {},
  number    = {},
  pages     = {5026-5033},
  keywords  = {Engines;Optimization;Computational modeling;Heuristic algorithms;Dynamics;Mathematical model},
  doi       = {10.1109/IROS.2012.6386109}
}
