
@inproceedings{vanhasselt2016deep,
  title     = {Deep Reinforcement Learning with Double Q-learning},
  author    = {van Hasselt, Hado and Guez, Arthur and Silver, David},
  booktitle = {Proceedings of the Thirtieth AAAI Conference on Artificial Intelligence (AAAI-16)},
  pages     = {2094--2100},
  year      = {2016},
  url       = {https://arxiv.org/abs/1509.06461}
}


@inproceedings{schaul2016prioritized,
  title     = {Prioritized Experience Replay},
  author    = {Schaul, Tom and Quan, John and Antonoglou, Ioannis and Silver, David},
  booktitle = {4th International Conference on Learning Representations (ICLR)},
  year      = {2016},
  note      = {arXiv:1511.05952},
  url       = {https://arxiv.org/abs/1511.05952}
}

@inproceedings{daley2024averaging,
  title     = {Averaging $n$-step Returns Reduces Variance in Reinforcement Learning},
  author    = {Daley, Brett and White, Martha and Machado, Marlos C.},
  booktitle = {Proceedings of the 41st International Conference on Machine Learning (ICML)},
  year      = {2024},
  note      = {arXiv:2402.03903},
  url       = {https://arxiv.org/abs/2402.03903}
}
