@article{VQVAE,
  author     = {A{\"{a}}ron van den Oord and
                Oriol Vinyals and
                Koray Kavukcuoglu},
  title      = {Neural Discrete Representation Learning},
  journal    = {CoRR},
  volume     = {abs/1711.00937},
  year       = {2017},
  url        = {http://arxiv.org/abs/1711.00937},
  eprinttype = {arXiv},
  eprint     = {1711.00937},
  timestamp  = {Mon, 13 Aug 2018 16:48:11 +0200},
  biburl     = {https://dblp.org/rec/journals/corr/abs-1711-00937.bib},
  bibsource  = {dblp computer science bibliography, https://dblp.org}
}

@inproceedings{MaskGIT,
  author    = {Huiwen Chang and Han Zhang and Lu Jiang and Ce Liu and William T. Freeman},
  title     = {MaskGIT: Masked Generative Image Transformer},
  booktitle = {Proceedings of the IEEE/CVF Conference on Computer Vision and Pattern Recognition (CVPR)},
  year      = {2022},
  pages     = {11315--11325},
  url       = {https://arxiv.org/abs/2202.04200}
}

@inproceedings{Attention,
  author    = {Ashish Vaswani and Noam Shazeer and Niki Parmar and Jakob Uszkoreit and Llion Jones and Aidan N. Gomez and Lukasz Kaiser and Illia Polosukhin},
  title     = {Attention is All You Need},
  booktitle = {Advances in Neural Information Processing Systems (NeurIPS)},
  year      = {2017},
  pages     = {5998--6008},
  url       = {https://arxiv.org/abs/1706.03762}
}

@inproceedings{VQGAN,
  author    = {Patrick Esser and Robin Rombach and Bj√∂rn Ommer},
  title     = {Taming Transformers for High-Resolution Image Synthesis},
  booktitle = {Proceedings of the IEEE/CVF Conference on Computer Vision and Pattern Recognition (CVPR)},
  year      = {2021},
  pages     = {12873--12883},
  url       = {https://arxiv.org/abs/2012.09841}
}

@inproceedings{FID,
  author    = {Martin Heusel and Hubert Ramsauer and Thomas Unterthiner and Bernhard Nessler and Sepp Hochreiter},
  title     = {GANs Trained by a Two Time-Scale Update Rule Converge to a Local Nash Equilibrium},
  booktitle = {Advances in Neural Information Processing Systems (NeurIPS)},
  pages     = {6626--6637},
  year      = {2017},
  url       = {https://arxiv.org/abs/1706.08500}
}

@misc{Hank891008,
  author = {Hank891008},
  title  = {Deep-Learning},
  name   = {Deep-Learning},
  year   = {2023},
  url    = {https://github.com/hank891008/Deep-Learning}
}
