@article{ddpm,
  author     = {Jonathan Ho and
                Ajay Jain and
                Pieter Abbeel},
  title      = {Denoising Diffusion Probabilistic Models},
  journal    = {CoRR},
  volume     = {abs/2006.11239},
  year       = {2020},
  url        = {https://arxiv.org/abs/2006.11239},
  eprinttype = {arXiv},
  eprint     = {2006.11239},
  timestamp  = {Tue, 23 Jun 2020 17:57:22 +0200},
  biburl     = {https://dblp.org/rec/journals/corr/abs-2006-11239.bib},
  bibsource  = {dblp computer science bibliography, https://dblp.org}
}

@article{VAE,
  title   = {Auto-Encoding Variational Bayes},
  author  = {Diederik P. Kingma and Max Welling},
  journal = {CoRR},
  year    = {2013},
  volume  = {abs/1312.6114},
  url     = {https://api.semanticscholar.org/CorpusID:216078090}
}

@inproceedings{GAN,
  title     = {Generative Adversarial Nets},
  author    = {Ian J. Goodfellow and Jean Pouget-Abadie and Mehdi Mirza and Bing Xu and David Warde-Farley and Sherjil Ozair and Aaron C. Courville and Yoshua Bengio},
  booktitle = {Neural Information Processing Systems},
  year      = {2014},
  url       = {https://api.semanticscholar.org/CorpusID:261560300}
}
