@inproceedings{fu_cyclical_2019_naacl,
  title     = {Cyclical Annealing Schedule: A Simple Approach to Mitigating {KL} Vanishing},
  author    = {Hao Fu and Chunyuan Li and Xiaodong Liu and Jianfeng Gao and Asli Celikyilmaz and Lawrence Carin},
  booktitle = {NAACL},
  year      = {2019}
}

@inproceedings{chan2019everybody,
  title     = {Everybody Dance Now},
  author    = {Chan, Caroline and Ginosar, Shiry and Zhou, Tinghui and Efros, Alexei A},
  booktitle = {Proceedings of the IEEE/CVF International Conference on Computer Vision (ICCV)},
  year      = {2019}
}

@inproceedings{denton2018stochastic,
  title     = {Stochastic video generation with a learned prior},
  author    = {Denton, Emily and Fergus, Rob},
  booktitle = {Proceedings of the 35th International Conference on Machine Learning (ICML)},
  year      = {2018}
}
